@article{Liu2020,
   author = {Guangping Liu and Weihong He and Shuqun Cai},
   doi = {10.3390/w12092475},
   issn = {20734441},
   issue = {9},
   journal = {Water (Switzerland)},
   keywords = {Dissolved oxygen (DO),Hypoxia,Pearl River Estuary},
   month = {9},
   publisher = {MDPI AG},
   title = {Seasonal variation of dissolved oxygen in the southeast of the Pearl River Estuary},
   volume = {12},
   year = {2020},
}
@article{Selmy2022,
   author = {Salman Selmy and Salah Abd El-Aziz and Ahmed El-Desoky and Moatez El-Sayed},
   doi = {10.1016/j.jssas.2021.10.013},
   issn = {1658077X},
   issue = {6},
   journal = {Journal of the Saudi Society of Agricultural Sciences},
   title = {Characterizing, predicting, and mapping of soil spatial variability in Gharb El-Mawhoub area of Dakhla Oasis using geostatistics and GIS approaches},
   volume = {21},
   year = {2022},
}
@article{sousa,
   author = {Rayssa Garcia de Sousa and Aurivan Soares de Freitas and Alisson Souza de Oliveira and Humberson Rocha Silva},
   doi = {10.1590/S1413-415220200369},
   issn = {14134152},
   issue = {4},
   journal = {Engenharia Sanitaria e Ambiental},
   title = {Mapping the spatial distribution of water quality as a function of land use and occupation and rainfall in the Pará River Basin},
   volume = {27},
   year = {2022},
}
@article{alarcon,
   author = {Benazir Alarcón and Manuel Álvarez},
   doi = {10.25127/indes.201402.010},
   journal = {INDES Revista de Investigación para el Desarrollo Sustentable},
   keywords = {WQI NSF,Wetland,aquatic environment,high forest},
   pages = {2},
   title = {Índice de calidad del agua según NSF del humedal laguna Los Milagros (Tingo María, Perú)},
   volume = {2},
   year = {2016},
}

@phdthesis{Espiritu2010,
  author = {Espiritu, César Gregorio},
  title = {Evaluación de la calidad del agua del río Rímac mediante el análisis multivariado},
  school = {Universidad Nacional de Ingeniería},
  year = {2010},
  type = {Tesis de maestría}

}
@mastersthesis{martinez2011,
   author = {Martínez, Edwin and Zevallos, Gabriela},
   school = {Universidad Nacional de San Antonio Abad del Cusco},
   title = {Evaluación de impacto ambiental en el Santuario Nacional de Ampay - Apurímac},
   year = {2011},
   type = {Tesis de grado},
   pages = {1-232},

}
@article{Sierra2011,
   author = {Carlos Alberto Sierra},
   city = {Medellín},
   edition = {1},
   pages = {1-460},
   publisher = {Universidad de Medellín},
   title = {Calidad del agua Evaluación y diagnóstico},
   volume = {1},
   year = {2011},
}
@book{Lozano2013,
   author = {William Antonio Lozano},
   month = {9},
   pages = {1-220},
   publisher = {Universidad Piloto de Colombia},
   title = {Calidad fisicoquímica del agua.: Métodos simplificados para su muestreo y análisis},
   year = {2013},
}
@article{bibliot,
   author = {Biblioteca del Congreso Nacional de Chile},
   journal = {Departamento de estudios, extensión y publicaciones},
   pages = {1},
   title = {Calidad del Agua},
   year = {2016},
}
@book{Maxwell1902,
   author = {James Clerk Maxwell},
   pages = {31},
   title = {Theory of Heat},
   year = {1902},
}
@misc{sience,
   author = {Science for a changing world USGS},
   month = {6},
   title = {Water Science School},
   year = {2018},
}
@book{americam,
   author = {American Public Health Association (APHA) and American Water Works Association (AWWA) and Water Environment Federation (WEF)},
   doi = {10.2105/SMWW.2882.216},
   edition = {23},
   title = {Preparation of Common Types of Desk Reagents Specified in Standard Methods},
   volume = {23},
   url = {https://doi.org/10.2105/SMWW.2882.216},
   year = {2017},
}
@misc{minam2005,
  author       = {{Ministerio del Ambiente}},
  title        = {Ley General del Ambiente},
  year         = {2005},
  note         = {Ley N.° 28611 Perú},  
  url          = {http://www.minam.gob.pe/legislacion/ley-general-del-ambiente/}  
}

@article{Uddin2021,
   author = {Md Galal Uddin and Stephen Nash and Agnieszka I. Olbert},
   doi = {10.1016/j.ecolind.2020.107218},
   issn = {1470160X},
   journal = {Ecological Indicators},
   title = {A review of water quality index models and their use for assessing surface water quality},
   volume = {122},
   year = {2021},
}
@misc{Gidahatari2023,
  author = {Gidahatari},
  title = {Gestión Sostenible del Agua},
  year = {2023},
  howpublished = {Geoestadística en investigaciones sobre recursos hídricos},
  url = {https://definicion.xyz/geoestadistica/},
  note = {Accedido el 20 de abril de 2023}

}
@article{abe,
   author = {Patricia Abelairas-Etxebarria and Inma Astorkiza},
   doi = {10.13189/ms.2020.080202},
   issn = {23322144},
   issue = {2},
   journal = {Mathematics and Statistics},
   title = {From exploratory data analysis to exploratory spatial data analysis},
   volume = {8},
   year = {2020},
}
@book{Loftus2021,
   author = {Stephen Loftus},
   publisher = {Elsevier Science},
   title = {Basic Statistics with R},
   year = {2021},
}
@misc{Viera2002,
   author = {Martín A Díaz Viera},
   keywords = {()},
   title = {Geoestadística Aplicada},
   year = {2002},
}
@article{Mahdi2020,
   author = {Esam Mahdi and Ali H. Abuzaid and Abdu M.A. Atta},
   doi = {10.29220/CSAM.2020.27.5.547},
   issn = {23834757},
   issue = {5},
   journal = {Communications for Statistical Applications and Methods},
   title = {Empirical variogram for achieving the best valid variogram},
   volume = {27},
   year = {2020},
}
@book{Journel1978,
   abstract = {Includes indexes.},
   author = {A. G. Journel and Ch. J. Huijbregts},
   isbn = {0123910501},
   pages = {600},
   publisher = {Academic Press},
   title = {Mining geostatistics},
   year = {1978},
}
@online{fundacionaquae2021,
  author  = {Fundación Aquae},
  title   = {Calidad del Agua},
  year    = {2021},
  url     = {https://www.fundacionaquae.org/wiki/calidad-agua/},
  urldate = {2023-06-01}  
}

@online{geoestadisticaDefinicionXYZ,
  title   = {Geoestadística},
  year    = {2021},
  url     = {https://definicion.xyz/geoestadistica/},
  urldate = {2023-06-01}  
}

@misc{usgs,
   author = {U.S. Geological Survey},
   title = {A Primer On Water Quality},
   url = {https://pubs.usgs.gov/fs/fs-027-01/},
}

@misc{ONU2019AguaCambioClimatico,
  author = {{Grupo de Expertos de ONU-Agua}},
  title = {Políticas sobre el Cambio Climático y el Agua},
  year = {2019},
  url = {https://www.unwater.org/sites/default/files/app/uploads/2019/12/UN-Water_PolicyBrief_Water_Climate-Change_ES.pdf},
  note = {Informe de políticas de ONU-Agua sobre el Cambio Climático y el Agua},
}

############# ANTECEDENTES ############



@article{Beveridge2012,
   author = {Dan Beveridge and André St-Hilaire and Taha B.M.J. Ouarda and Bahaa Khalil and F. Malcolm Conly and Leonard I. Wassenaar and Emily Ritson-Bennett},
   doi = {10.1016/J.JGLR.2012.01.004},
   issn = {03801330},
   issue = {SUPPL. 3},
   journal = {Journal of Great Lakes Research},
   keywords = {Geostatistics,Lake Winnipeg,Monitoring network optimization,Water quality},
   pages = {174-182},
   publisher = {International Association of Great Lakes Research},
   title = {A geostatistical approach to optimize water quality monitoring networks in large lakes: Application to Lake Winnipeg},
   volume = {38},
   year = {2012},
}

@article{Audu2015,
   author = {Isah Audu},
   doi = {10.11648/J.AJTAS.20150405.18},
   issn = {2326-8999},
   issue = {5},
   journal = {American Journal of Theoretical and Applied Statistics},
   pages = {373},
   publisher = {Science Publishing Group},
   title = {An Application of Geostatistics to Analysis of Water Quality Parameters in Rivers and Streams in Niger State, Nigeria},
   volume = {4},
   year = {2015},
}

@article{Zhengjun2010,
   author = {Wang Zhengjun and Gong Huili},
   doi = {10.1007/S10661-008-0711-X/METRICS},
   issn = {01676369},
   issue = {1-4},
   journal = {Environmental Monitoring and Assessment},
   keywords = {Effectiveness,Evaluation,Geographic information system,Geostatistics,Sampling,Water quality},
   month = {1},
   pages = {465-478},
   pmid = {19093216},
   publisher = {Springer},
   title = {Evaluating the effectiveness of routine water quality monitoring in Miyun reservoir based on geostatistical analysis},
   volume = {160},
   url = {https://link.springer.com/article/10.1007/s10661-008-0711-x},
   year = {2010},
}
##############################

@misc{DS0042017MINAM,
  title        = {Decreto Supremo N.° 004-2017-MINAM},
  howpublished = {Ministerio del Ambiente},
  year         = {2017},
  note         = {Aprueba los Estándares de Calidad Ambiental (ECA) para Agua y establece disposiciones complementarias.},
  url          = {http://www.gob.pe/minam}
}

@misc{RM0832021MINAM,
  title        = {Resolución Ministerial N.° 083-2021-MINAM},
  howpublished = {Ministerio del Ambiente},
  year         = {2021},
  note         = {Publicación del proyecto de "Lineamientos para la elaboración, revisión y aprobación de los Estándares de Calidad Ambiental (ECA) y Límites Máximos Permisibles (LMP)".},
  url          = {http://www.gob.pe/minam}
}

@misc{SINIA,
  title        = {Sistema Nacional de Información Ambiental (SINIA)},
  howpublished = {Ministerio del Ambiente},
  note         = {Estándares de calidad ambiental para el agua.},
  url          = {http://sinia.minam.gob.pe/}
}


@online{UN2020Agua,
  author       = {{Naciones Unidas}},
  title        = {El objetivo del Acuerdo de París sobre los 1,5 grados es vital para proteger a las comunidades del aumento del nivel del mar},
  year         = 2020,
  month        = mar,
  day          = 22,
  url          = {https://news.un.org/es/story/2020/03/1471492},
  urldate      = {2023-12-28},
  note         = {Consultado el [fecha de consulta]},
}

@online{dwAguaEscasa,
  author       = {{Deutsche Welle}},
  title        = {El agua, un bien cada vez más escaso},
  year         = 2012,
  url          = {https://www.dw.com/es/el-agua-un-bien-cada-vez-m%C3%A1s-escaso/a-16030203},
  urldate      = {2023-12-28},
  note         = {Accedido el 28 de diciembre de 2023},
}

@online{Aculeo2019,
  author = {Autor o Autores},
  title = {Laguna de Aculeo, una de las primeras víctimas del cambio climático y megasequía según estudio},
  year = {2019},
  url = {https://www.biobiochile.cl/noticias/nacional/region-metropolitana/2019/06/20/laguna-de-aculeo-una-de-las-primeras-victimas-del-cambio-climatico-y-megasequia-segun-estudio.shtml},
  urldate = {2023-12-28}
}

@online{LagunaParon,
  author = {El Comercio},
  title = {COEN - Indeci advierte de posible avalancha y caída de bloques de roca en Áncash},
  year = {Año de publicación},
  url = {https://elcomercio.pe/peru/laguna-paron-coen-indeci-advierte-de-posible-por-avalancha-y-caida-de-bloques-de-roca-ancash-inageim-ultimas-noticia/#:~:text=El%20COEN%20%E2%80%93%20Indeci%20%C3%81ncash%20a%20trav%C3%A9s%20del,ante%20avalancha%20y%20ca%C3%ADda%20de%20bloques%20de%20rocas.},
  urldate = {Fecha de acceso (por ejemplo, 2023-12-28)}
}

@book{bradley1999paleoclimatology,
  title={Paleoclimatology: Reconstructing Climates of the Quaternary},
  author={Bradley, Raymond S.},
  year={1999},
  publisher={Academic Press}
}
 %%%%%%%%%%%%%%%%%%%%%%%%%%%%%%%%%%%%%%%%%%%%%%%%

@book{popper1934,
  title={La lógica de la investigación científica},
  author={Popper, Karl},
  year={1980},
  publisher={Editorial Tecnos  S. A., 1980} % Cambia a la editorial real.
}

@book{kumar2012research,
  title={Research Methodology: A Step-by-Step Guide for Beginners},
  author={Kumar, Ranjit},
  year={2012},
  publisher={SAGE Publications},
  isbn={9781849203005}
}

@book{schon1984reflective,
  title={The Reflective Practitioner: How Professionals Think In Action},
  author={Schön, Donald A.},
  year={1984},
  publisher={Basic Books},
  isbn={0465068782}
}

@book{shadish2002experimental,
  title={Experimental and Quasi-Experimental Designs for Generalized Causal Inference},
  author={Shadish, William R. and Cook, Thomas D. and Campbell, Donald T.},
  year={2002},
  publisher={Houghton Mifflin Company},
  isbn={0395615569}
}

@manual{ana_protocolo_2023,
  title = {Protocolo Nacional para el Monitoreo de la Calidad de los Recursos Hídricos Superficiales},
  organization = {Autoridad Nacional del Agua},
  year = {2023},
  url = {https://www.ana.gob.pe/},
  note = {2023-06-28}
}

@online{Bernal2022,
  author  = {Diego Raphael R. Bernal and Alyssa Seanne M. Plata},
  title   = {Water Quality Assessment of Laguna de Bay Through Geostatistical Analysis of Physicochemical Parameters},
  year    = {2022},
  url     = {https://animorepository.dlsu.edu.ph/cgi/viewcontent.cgi?article=1154&context=conf_shsrescon},
  urldate = {Fecha de acceso},
  note    = {Animo Repository}
}

@inbook{Li2019,
   author = {Daoliang Li and Shuangyin Liu},
   doi = {10.1016/B978-0-12-811330-1.00004-1},
   journal = {Water Quality Monitoring and Management},
   pages = {113-159},
   publisher = {Elsevier},
   title = {Water Quality Evaluation},
   year = {2019},
}
@inbook{Gandhi2016,
   author = {S.M. Gandhi and B.C. Sarkar},
   doi = {10.1016/B978-0-12-805329-4.00019-3},
   journal = {Essentials of Mineral Exploration and Evaluation},
   pages = {289-308},
   publisher = {Elsevier},
   title = {Geostatistical Resource/Reserve Estimation},
   year = {2016},
}
@article{Kitanidis1996,
   author = {Peter K. Kitanidis},
   doi = {10.1016/0309-1708(96)00005-X},
   issn = {03091708},
   issue = {6},
   journal = {Advances in Water Resources},
   month = {12},
   pages = {333-342},
   title = {On the geostatistical approach to the inverse problem},
   volume = {19},
   year = {1996},
}
@book{book:2636572,
   title =     {Ingenieria ambiental : fundamentos, sustentabilidad, diseno.},
   author =    {James; Zimmerman Julie Mihelcic},
   publisher = {Alfaomega Grupo Editor},
   isbn =      {9786077073178,6077073172},
   year =      {2011},
   series =    {},
   edition =   {},
   volume =    {},
   url =       {http://gen.lib.rus.ec/book/index.php?md5=027C932D065078A66086CD801297DE87}
}
@book{naupas2014metodologia,
  title={Metodología de la investigación cuantitativa-cualitativa y redacción de la tesis},
  author={Naupas Paitán, Humberto and Mejía Mejía, Elías and Novoa Ramírez, Eliana and Villagómez Paucar, Alberto},
  year={2014},
  edition={4},
  address={Bogotá, Colombia},
  publisher={Ediciones de la U},
  isbn={978-958-762-188-4}
}
@book{bernal2010metodologia,
  title={Metodología de la investigación: administración, economía, humanidades y ciencias sociales},
  author={Bernal Torres, César Augusto},
  year={2010},
  edition={Tercera edición},
  address={Bogotá, Colombia},
  publisher={PEARSON EDUCACIÓN},
  isbn={978-958-699-128-5}
}
@book{carrasco2005metodologia,
  title={Metodología de la Investigación Científica},
  author={Carrasco Díaz, Sergio},
  year={2005},
  edition={Primera edición, primera reimpresión 2006},
  address={Lima, Perú},
  publisher={Editorial San Marcos},
  isbn={9972-34-242-5}
}
@book{supo2020,
  title={Metodología de la Investigación Científica: Niveles de Investigación},
  author={Supo Condori, José Antonio and Zacarías Ventura, Héctor Raúl},
  year={2020},
  edition={Tercera Edición},
  address={Arequipa, Perú},
  publisher={Bioestadístico EEDU EIRL},
  isbn={978-9325698521}
}
@book{Christakos2000,
  author    = {George Christakos},
  title     = {Modern Spatiotemporal Geostatistics},
  year      = {2000},
  publisher = {Springer},
  url       = {https://api.semanticscholar.org/CorpusID:59948634}
}

@phdthesis{GutierrezNazario2023,
  author    = {Gutierrez Nazario, Zulma del Rosario},
  title     = {Evaluación de la calidad fisicoquímica de las aguas de la laguna la encantada en Santa María, Huaura},
  school    = {Universidad Nacional José Faustino Sánchez Carrión},
  year      = {2023},
  month     = {mar},
  day       = {28},
  url       = {http://hdl.handle.net/20.500.14067/7475}
}
@manual{ana_protocolo_2023,
  title = {Protocolo Nacional para el Monitoreo de la Calidad de los Recursos Hídricos Superficiales},
  organization = {Autoridad Nacional del Agua},
  year = {2023},
  url = {https://www.ana.gob.pe/},
  note = {2023-06-28}
}
@book{Cressie1993,
  author    = {Noel Cressie},
  title     = {Statistics for Spatial Data},
  year      = {1993},
  publisher = {Wiley},
  address   = {New York},
  edition   = {Revised},
  isbn      = {978-0471002550}
}
@misc{rgeostad2021,
  author       = {Martín Alberto Díaz-Viera and Van Huong Le and Daniel Vázquez Ramírez},
  title        = {RGEOSTAD: Un programa de código abierto para aplicaciones geoestadísticas basado en R-Project. Versión 2.0.},
  year         = {2021},
  url          = {https://github.com/esmg-mx/RGEOSTAD},
  note         = {Disponible en ResearchGate: https://www.researchgate.net/publication/22502/RGEOSTAD}
}

@unknown{unknown,
author = {Diaz-Viera, Martin and Le, Van Huong and Vázquez Ramírez, Daniel},
year = {2021},
month = {01},
pages = {},
title = {RGEOESTAD: Un programa de código abierto para aplicaciones geoestadísticas basado en R-Project. Versión 2.0.},
doi = {10.13140/RG.2.2.22502.19528}
}